<?xml version="1.0" encoding="UTF-8"?><collection xmlns="http://www.loc.gov/MARC21/slim"><record><leader>00462nam--2200181-i-4500</leader><controlfield tag="001">000010902</controlfield><controlfield tag="002">20161230</controlfield><controlfield tag="005">20170206154953</controlfield><controlfield tag="008">060222s1000------------r-----000-0-eng-d</controlfield><datafield ind1=" " ind2=" " tag="080"><subfield code="a">621.039.52.034.3(047.1)</subfield></datafield><datafield ind1=" " ind2=" " tag="100"><subfield code="a">Achenbach, E</subfield></datafield><datafield ind1=" " ind2=" " tag="245"><subfield code="a">Stromung durch krummer kreisformigen querschnitts</subfield></datafield><datafield ind1=" " ind2=" " tag="260"><subfield code="a">Julich</subfield><subfield code="b">Kernforschungsanlage</subfield><subfield code="c">1973</subfield></datafield><datafield ind1=" " ind2=" " tag="300"><subfield code="a">43 p</subfield></datafield><datafield ind1=" " ind2=" " tag="490"><subfield code="a">Jul</subfield></datafield><datafield ind1=" " ind2=" " tag="500"><subfield code="a">1000 - Rb</subfield></datafield><datafield ind1=" " ind2=" " tag="852"><subfield code="a">18670</subfield></datafield><datafield ind1=" " ind2=" " tag="CAT"><subfield code="a">SYS</subfield><subfield code="c">20170206</subfield><subfield code="h">154953</subfield></datafield></record></collection>